@article{radford2019language,
  title   = {Language models are unsupervised multitask learners},
  author  = {Radford, Alec and Wu, Jeffrey and Child, Rewon and Luan, David and Amodei, Dario and Sutskever, Ilya and others},
  journal = {OpenAI blog},
  volume  = {1},
  number  = {8},
  pages   = {9},
  year    = {2019}
}

@online{lit-gpt,
  author = {Lightning AI},
  title  = {Lit-GPT},
  url    = {https://github.com/Lightning-AI/lit-gpt},
  year   = {2023},
  note   = {Accessed On: 6 May 2025}
}

@article{dao2023flashattention2,
  title  = {Flash{A}ttention-2: Faster Attention with Better Parallelism and Work Partitioning},
  author = {Dao, Tri},
  year   = {2023}
}

@misc{zhang2024tinyllama,
  title         = {TinyLlama: An Open-Source Small Language Model},
  author        = {Peiyuan Zhang and Guangtao Zeng and Tianduo Wang and Wei Lu},
  year          = {2024},
  eprint        = {2401.02385},
  archiveprefix = {arXiv},
  primaryclass  = {cs.CL},
  url           = {https://github.com/jzhang38/TinyLlama},
  note          = {Accessed On: 6 May 2025}
}

@article{patterson2022carbon,
  title     = {The carbon footprint of machine learning training will plateau, then shrink},
  author    = {Patterson, David and Gonzalez, Joseph and H{\"o}lzle, Urs and Le, Quoc and Liang, Chen and Munguia, Lluis-Miquel and Rothchild, Daniel and So, David R and Texier, Maud and Dean, Jeff},
  journal   = {Computer},
  volume    = {55},
  number    = {7},
  pages     = {18--28},
  year      = {2022},
  publisher = {IEEE},
  url       = {https://arxiv.org/abs/2204.05149},
  note      = {Accessed On: 6 May 2025}
}

@article{vartinen2022generating,
  author   = {V{\"a}rtinen, Susanna and H{\"a}m{\"a}l{\"a}inen, Perttu and Guckelsberger, Christian},
  journal  = {IEEE Transactions on Games},
  title    = {Generating Role-Playing Game Quests With GPT Language Models},
  year     = {2024},
  volume   = {16},
  number   = {1},
  pages    = {127-139},
  keywords = {Games;Computational modeling;Task analysis;Large language models;Data models;Artificial intelligence;Role playing games;Artificial intelligence;computational storytelling;games;generative models;procedural content generation;quests},
  doi      = {10.1109/TG.2022.3228480},
  url      = {https://ieeexplore.ieee.org/document/9980408},
  note     = {Accessed On: 6 May 2025}
}


@inproceedings{ashby2023personalized,
  title     = {Personalized quest and dialogue generation in role-playing games: A knowledge graph-and language model-based approach},
  author    = {Ashby, Trevor and Webb, Braden K and Knapp, Gregory and Searle, Jackson and Fulda, Nancy},
  booktitle = {Proceedings of the 2023 CHI Conference on Human Factors in Computing Systems},
  pages     = {1--20},
  year      = {2023}
}

@article{ammanabrolu2019toward,
  title   = {Toward automated quest generation in text-adventure games},
  author  = {Ammanabrolu, Prithviraj and Broniec, William and Mueller, Alex and Paul, Jeremy and Riedl, Mark O},
  journal = {arXiv preprint arXiv:1909.06283},
  year    = {2019}
}

@book{shaker2016procedural,
  title     = {Procedural content generation in games},
  doi       = {10.1007/978-3-319-42716-4},
  author    = {Shaker, Noor and Togelius, Julian and Nelson, Mark J.},
  publisher = {Springer Nature},
  year      = {2016}
}

@article{hendrikx2013procedural,
  title     = {Procedural content generation for games: A survey},
  author    = {Hendrikx, Mark and Meijer, Sebastiaan and Van Der Velden, Joeri and Iosup, Alexandru},
  journal   = {ACM Transactions on Multimedia Computing, Communications, and Applications (TOMM)},
  volume    = {9},
  number    = {1},
  pages     = {1--22},
  year      = {2013},
  publisher = {ACM New York, NY, USA}
}

@article{yannakakis2011experience,
  title     = {Experience-driven procedural content generation},
  author    = {Yannakakis, Georgios N and Togelius, Julian},
  journal   = {IEEE Transactions on Affective Computing},
  volume    = {2},
  number    = {3},
  pages     = {147--161},
  year      = {2011},
  publisher = {IEEE}
}

@inproceedings{gravina2019procedural,
  title        = {Procedural content generation through quality diversity},
  author       = {Gravina, Daniele and Khalifa, Ahmed and Liapis, Antonios and Togelius, Julian and Yannakakis, Georgios N},
  booktitle    = {2019 IEEE Conference on Games (CoG)},
  pages        = {1--8},
  year         = {2019},
  organization = {IEEE}
}

@inproceedings{smith2015analog,
  title        = {{An Analog History of Procedural Content Generation.}},
  author       = {Smith, Gillian},
  booktitle    = {FDG},
  pages        = {1--6},
  year         = {2015},
  organization = {Boston, MA}
}

@incollection{togelius2013procedural,
  author    = {Togelius, Julian and Champandard, Alex J. and Lanzi, Pier Luca and Mateas, Michael and Paiva, Ana and Preuss, Mike and Stanley, Kenneth O.},
  title     = {{Procedural Content Generation: Goals, Challenges and Actionable Steps}},
  booktitle = {Artificial and Computational Intelligence in Games},
  pages     = {61--75},
  series    = {Dagstuhl Follow-Ups},
  isbn      = {978-3-939897-62-0},
  issn      = {1868-8977},
  year      = {2013},
  volume    = {6},
  editor    = {Lucas, Simon M. and Mateas, Michael and Preuss, Mike and Spronck, Pieter and Togelius, Julian},
  publisher = {Schloss Dagstuhl -- Leibniz-Zentrum f{\"u}r Informatik},
  address   = {Dagstuhl, Germany},
  doi       = {10.4230/DFU.Vol6.12191.61}
}

@book{ebert2002texturing,
  title     = {Texturing \& Modeling, A procedural Approach},
  author    = {Ebert, DS},
  year      = {2002},
  publisher = {Morgan Kaufman}
}

@inproceedings{kerr2009supporting,
  title     = {Supporting dialogue generation for story-based games},
  author    = {Kerr, Christopher and Szafron, Duane},
  booktitle = {Proceedings of the AAAI Conference on Artificial Intelligence and Interactive Digital Entertainment},
  volume    = {5},
  number    = {1},
  pages     = {154--160},
  year      = {2009}
}

@inproceedings{freiknecht2020procedural,
  title     = {Procedural generation of interactive stories using language models},
  author    = {Freiknecht, Jonas and Effelsberg, Wolfgang},
  booktitle = {Proceedings of the 15th International Conference on the Foundations of Digital Games},
  pages     = {1--8},
  year      = {2020}
}

@misc{minecraft,
  author       = {{Mojang Studios}},
  howpublished = {Game [PC]},
  title        = {Minecraft},
  year         = {2011},
  address      = {Stockholm, Sweden},
  url          = {https://www.minecraft.net/},
  note         = {Accessed On: 6 May 2025}
}

@misc{spelunky,
  author       = {{Derek Yu}},
  howpublished = {Game [PC]},
  title        = {Spelunky},
  year         = {2008},
  url          = {https://spelunkyworld.com/},
  note         = {Accessed On: 6 May 2025}
}

@misc{thebindingofisaac,
  author       = {{Edmund McMillen and Florian Himsl}},
  howpublished = {Game [PC]},
  title        = {{The Binding of Isaac}},
  year         = {2011},
  url          = {https://store.steampowered.com/app/113200/The_Binding_of_Isaac/},
  note         = {Accessed On: 6 May 2025}
}

@misc{rogue1980,
  author       = {{Epyx and AI Design}},
  howpublished = {Game [PC]},
  title        = {Rogue},
  year         = {1980},
  url          = {https://store.steampowered.com/app/1443430/Rogue/},
  note         = {Accessed On: 6 May 2025}
}

@misc{magicthegathering,
  author       = {{Wizards of the Coast}},
  howpublished = {Game [Card]},
  title        = {{Magic: The Gathering}},
  year         = {1993},
  url          = {https://magic.wizards.com/en},
  note         = {Accessed On: 6 May 2025}
}

@misc{dungeonsanddragons,
  author       = {{Wizards of the Coast}},
  howpublished = {Game [Tabletop]},
  title        = {{Dungeons \& Dragons}},
  year         = {1974},
  url          = {https://www.dndbeyond.com/how-to-play-dnd},
  note         = {Accessed On: 6 May 2025}
}

@misc{baldursgate,
  author       = {{BioWare}},
  howpublished = {Game [PC]},
  title        = {{Baldur's Gate}},
  year         = {1998},
  publisher    = {Interplay Entertainment},
  address      = {Los Angeles, CA, USA},
  url          = {https://en.wikipedia.org/wiki/Baldur%27s_Gate_(video_game)},
  note         = {Accessed On: 6 May 2025}
}

@misc{baldursgate2shadowsofamn,
  author       = {{BioWare}},
  howpublished = {Game [PC]},
  title        = {{Baldur's Gate II: Shadows of Amn}},
  year         = {2000},
  publisher    = {Interplay Entertainment},
  address      = {Los Angeles, CA, USA},
  url          = {https://en.wikipedia.org/wiki/Baldur%27s_Gate_II:_Shadows_of_Amn},
  note         = {Accessed On: 6 May 2025}
}

@misc{theelderscrollsivoblivion,
  author       = {{Bethesda Game Studios}},
  howpublished = {Game [PC]},
  title        = {{The Elder Scrolls IV: Oblivion}},
  year         = {2006},
  publisher    = {Bethesda Softworks},
  address      = {Rockville, Maryland, United States},
  url          = {https://elderscrolls.fandom.com/wiki/The_Elder_Scrolls_IV:_Oblivion},
  note         = {Accessed On: 6 May 2025}
}

@misc{theelderscrollsvskyrim,
  author       = {{Bethesda Game Studios}},
  howpublished = {Game [PC]},
  title        = {{The Elder Scrolls V: Skyrim}},
  year         = {2011},
  publisher    = {Bethesda Softworks},
  address      = {Rockville, Maryland, United States},
  url          = {https://elderscrolls.fandom.com/wiki/The_Elder_Scrolls_V:_Skyrim},
  note         = {Accessed On: 6 May 2025}
}

@misc{elite1984,
  author       = {Acornsoft},
  howpublished = {Game [PC]},
  title        = {{Elite}},
  year         = {1984},
  url          = {https://en.wikipedia.org/wiki/Elite_(video_game)},
  note         = {Accessed On: 6 May 2025}
}

@misc{torchlightii,
  author       = {{Runic Games}},
  howpublished = {Game [PC]},
  title        = {{Torchlight II}},
  year         = {2012},
  address      = {Seattle, Washington, U.S.},
  url          = {https://www.torchlight2.com/},
  note         = {Accessed On: 6 May 2025}
}

@misc{fallout1,
  author       = {{Interplay Entertainment}},
  howpublished = {Game [PC]},
  title        = {{Fallout}},
  year         = {1997},
  address      = {Los Angeles, US},
  url          = {https://en.wikipedia.org/wiki/Fallout_(video_game)},
  note         = {Accessed On: 6 May 2025}
}

@misc{fallout2,
  author       = {{Interplay Entertainment}},
  howpublished = {Game [PC]},
  title        = {{Fallout 2}},
  year         = {1998},
  address      = {Los Angeles, US},
  url          = {https://en.wikipedia.org/wiki/Fallout_2},
  note         = {Accessed On: 6 May 2025}
}

@misc{fallout1quests,
  title  = {Fallout Quests},
  author = {{Nukapedia: The Fallout Wiki}},
  url    = {https://fallout.fandom.com/wiki/Fallout_quests},
  note   = {Accessed On: 6 May 2025}
}

@misc{fallout2quests,
  title  = {Fallout 2 Quests},
  author = {{Nukapedia: The Fallout Wiki}},
  url    = {https://fallout.fandom.com/wiki/Fallout_2_quests},
  note   = {Accessed On: 6 May 2025}
}

@misc{gpt2,
  title        = {GPT-2},
  author       = {OpenAI Community},
  howpublished = {Hugging Face},
  url          = {https://huggingface.co/openai-community/gpt2},
  note         = {Accessed On: 6 May 2025}
}

@misc{gpt2medium,
  title        = {GPT-2 Medium},
  author       = {OpenAI Community},
  howpublished = {Hugging Face},
  url          = {https://huggingface.co/openai-community/gpt2-medium},
  note         = {Accessed On: 6 May 2025}
}

@misc{gpt2large,
  title        = {GPT-2 Large},
  author       = {OpenAI Community},
  howpublished = {Hugging Face},
  url          = {https://huggingface.co/openai-community/gpt2-large},
  note         = {Accessed On: 6 May 2025}
}

@misc{llama32,
  title        = {Llama-3.2-1B-Instruct},
  author       = {Meta AI},
  howpublished = {Hugging Face},
  url          = {https://huggingface.co/meta-llama/Llama-3.2-1B-Instruct},
  note         = {Accessed On: 6 May 2025}
}

@misc{tinyllama,
  title        = {TinyLlama-1.1B-Chat-v1.0},
  author       = {TinyLlama},
  howpublished = {Hugging Face},
  url          = {https://huggingface.co/TinyLlama/TinyLlama-1.1B-Chat-v1.0},
  note         = {Accessed On: 6 May 2025}
}

@article{jelinek1977perplexity,
  title     = {Perplexity—a measure of the difficulty of speech recognition tasks},
  author    = {Jelinek, Fred and Mercer, Robert L and Bahl, Lalit R and Baker, James K},
  journal   = {The Journal of the Acoustical Society of America},
  volume    = {62},
  number    = {S1},
  pages     = {S63--S63},
  year      = {1977},
  publisher = {Acoustical Society of America}
}

@inproceedings{papineni02bleu,
  author    = {Kishore Papineni and Salim Roukos and Todd Ward and Wei-jing Zhu},
  title     = {BLEU: a Method for Automatic Evaluation of Machine Translation},
  booktitle = {},
  year      = {2002},
  pages     = {311--318}
}

@inproceedings{linoch2004orange,
  title     = {{ORANGE}: a Method for Evaluating Automatic Evaluation Metrics for Machine Translation},
  author    = {Lin, Chin-Yew  and
               Och, Franz Josef},
  booktitle = {{COLING} 2004: Proceedings of the 20th International Conference on Computational Linguistics},
  month     = {aug 23{--}aug 27},
  year      = {2004},
  address   = {Geneva, Switzerland},
  publisher = {COLING},
  url       = {https://www.aclweb.org/anthology/C04-1072},
  pages     = {501--507},
  note      = {Accessed On: 6 May 2025}
}

@inproceedings{banarjee2005,
  title     = {{METEOR}: An Automatic Metric for {MT} Evaluation with Improved Correlation with Human Judgments},
  author    = {Banerjee, Satanjeev  and Lavie, Alon},
  booktitle = {Proceedings of the {ACL} Workshop on Intrinsic and Extrinsic Evaluation Measures for Machine Translation and/or Summarization},
  month     = jun,
  year      = {2005},
  address   = {Ann Arbor, Michigan},
  publisher = {Association for Computational Linguistics},
  url       = {https://www.aclweb.org/anthology/W05-0909},
  pages     = {65--72},
  note      = {Accessed On: 6 May 2025}
}

@inproceedings{bertscore,
  title     = {BERTScore: Evaluating Text Generation with BERT},
  author    = {Tianyi Zhang* and Varsha Kishore* and Felix Wu* and Kilian Q. Weinberger and Yoav Artzi},
  booktitle = {International Conference on Learning Representations},
  year      = {2020},
  url       = {https://openreview.net/forum?id=SkeHuCVFDr},
  note      = {Accessed On: 6 May 2025}
}
